@inbook{inbook,
author = {López, Cristina and Solana-González, Pedro and Vanti, Adolfo},
year = {2022},
month = {05},
pages = {15-35},
title = {Industria 4.0: la transformación digital de las empresas},
isbn = {978-84-18167-15-7}
}